<?xml version="1.0" encoding="UTF-8"?><collection xmlns="http://www.loc.gov/MARC21/slim"><record><leader>00457nam--2200133-i-4500</leader><controlfield tag="001">000038871</controlfield><controlfield tag="002">20161230</controlfield><controlfield tag="005">20161230201042</controlfield><controlfield tag="008">060222s1000------------r-----000-0-eng-d</controlfield><datafield ind1=" " ind2=" " tag="080"><subfield code="a">621.039.5</subfield></datafield><datafield ind1=" " ind2=" " tag="245"><subfield code="a">Research reactors. light water moderated. light water and oil moderated. heavy water moderated. graphite moderated</subfield></datafield><datafield ind1=" " ind2=" " tag="260"><subfield code="a">Geneva, U.S.Atomic Energy Program, 1955, Xiv + 441p</subfield></datafield><datafield ind1=" " ind2=" " tag="490"><subfield code="a">Selected Reference Material On Atomic Energy</subfield></datafield><datafield ind1=" " ind2=" " tag="852"><subfield code="a">38352</subfield></datafield></record></collection>